@book{SBB11,
    title={Basiswissen Testautomatisierung: Konzepte, Methoden und Techniken},
	author="Richard Seidl and Manfred Baumgartner and Thomas Bucsics",
    isbn={978-3-89864-724-3},
    year={2011},
    publisher={dpunkt.verlag},
    keywords = {}
}

@book{testbookone,
    title={The Test Engine - Book One},
	author={Peter Cambeis (BSH-intern)},
    year={2007},
    publisher={BSH-Intranet},
    keywords = {}
}

@book{testbooktwo,
    title={The Test Engine - Book Two},
	author={Peter Cambeis (BSH-intern)},
    year={2007},
    publisher={BSH-Intranet},
    keywords = {}
}

@book{Grue13,
    title={Software-Test für Embedded Systems},
    subtitle={Ein Praxishandbuch für Entwickler, Tester und technische Projektleiter},
	author={Stephan Grünfelder},
    isbn={978-3-86490-048-8},
    series={},
    year={2013},
    publisher={dpunkt.verlag},
    keywords = {}
}

@book{Koeh07,
    title={Der C/C++-Projektbegleiter},
    subtitle={C/C++ Projekte planen, dokumentieren, bauen und testen},
	author={Achim Köhler},
    isbn={978-3-89864-470-9},
    series={},
    year={2007},
    publisher={dpunkt.verlag},
    keywords = {}
}

@book{BSH14,
    title={Test Levels: Workshop Automated Testing},
	author={Jens Lehmann (BSH-intern)},
    year={2014},
    publisher={BSH-Intranet},
    keywords = {}
}
 
@online{tclnachteile,
    author    = {Gustaf Neumann},
    title     = {Objekt-orientiertes Design und Systementwicklung: TCL},
    organization = {\\WU Wirtschaftsuniversität Wien},
	url       = {http://wi.wu-wien.ac.at/studium/Abschnitt_2/LVA_ws99/neumann/oo/einheit3/03-9.html},
	date	  = {2015-05-10},
	keywords  = {}
}

@manual{junit,
  title        = {Unit Testing mit JUnit},
  author       = {Dr. Andreas Schröder}, 
  organization = {Ludwig-Maximilian-Universität München},
  year         = 2012,
  url		   = {http://www.pst.ifi.lmu.de/Lehre/wise-12-13/sep/06-unit-testing.pdf}, 
  note         = {}
}

@manual{dbus,
  title        = {BSH General Bus Specification D-Bus-2},
  author       = {Rune Holen}, 
  organization = {BSH Hausgeräte GmbH},
  year         = 2012,
  version	   = 2.15,
  publisher	   = {BSH-Intranet},
  note         = {}
}

@mastersthesis{Liu13,
  author       = {Huimei Liu}, 
  title        = {Entwicklung einer Vorgehensweise zur Testautomatisierung im Rahmen des PDM am Beispiel der HELLA KGaA Hueck \& Co.},
  school       = {Fakultät Informatik, Elektrotechnik und Informationstechnik},
  year         = 2013,
  address      = {\\Universität Stuttgart},
  month        = 5,
  note         = {}
}

@online{wiki_testen,
  author       = {Marco Stark and David Espin}, 
  title        = {Modellbasiertes Testen},
  organization = {FOM Essen},
  url		   = {http://winfwiki.wi-fom.de/index.php/Modellbasiertes_Testen},
  date         = {2015-05-10},
  keywords     = {}
}